<?xml version="1.0" encoding="UTF-8"?>
<collection xmlns:xsi="http://www.w3.org/2001/XMLSchema-instance" xsi:schemaLocation="http://www.loc.gov/MARC21/slim http://www.loc.gov/standards/marcxml/schema/MARC21slim.xsd" xmlns="http://www.loc.gov/MARC21/slim">
<record>
  <leader>00841nam a2200205Ma 4500</leader>
  <controlfield tag="001">2482619</controlfield>
  <controlfield tag="003">NNC</controlfield>
  <controlfield tag="005">20030429131150.0</controlfield>
  <controlfield tag="008">810430s1934    ua            000 0 ara  </controlfield>
  <datafield tag="010" ind1=" " ind2=" ">
    <subfield code="a">   77960484 </subfield>
  </datafield>
  <datafield tag="035" ind1=" " ind2=" ">
    <subfield code="a">(OCoLC)ocm43215060</subfield>
  </datafield>
  <datafield tag="035" ind1=" " ind2=" ">
    <subfield code="9">AQD3757CU</subfield>
  </datafield>
  <datafield tag="040" ind1=" " ind2=" ">
    <subfield code="a">DLC</subfield>
    <subfield code="c">EQO</subfield>
    <subfield code="d">ZCU</subfield>
  </datafield>
  <datafield tag="050" ind1="0" ind2=" ">
    <subfield code="a">HQ1170</subfield>
    <subfield code="b">.R57 (Orien Arab)</subfield>
  </datafield>
  <datafield tag="100" ind1="1" ind2=" ">
    <subfield code="a">Rimālī, Muḥammad ʻAbd al-Ḥalīm.</subfield>
  </datafield>
  <datafield tag="245" ind1="1" ind2="0">
    <subfield code="a">Baḥth taḥlīlī fī qaḍīyat al-marʾah wa-makānihā al-ṭabīʻī min al-mujtamaʻ :</subfield>
    <subfield code="b">baḥth ʻilmī burhānī taḥlīlī fī falsafat al-marʾah wa-ḥayātihā wa-al-waḍʻ al-ṭabīʻī al-lāʾiq bihā fī al-ijtimāʻ /</subfield>
    <subfield code="c">Muḥammad ʻAbd al-Ḥalīm al-Rimālī.</subfield>
  </datafield>
  <datafield tag="260" ind1=" " ind2=" ">
    <subfield code="a">al-Qāhirah :</subfield>
    <subfield code="b">Maṭbaʻat al-Manār,</subfield>
    <subfield code="c">1934.</subfield>
  </datafield>
  <datafield tag="300" ind1=" " ind2=" ">
    <subfield code="a">84 p. ;</subfield>
    <subfield code="c">24 cm.</subfield>
  </datafield>
  <datafield tag="650" ind1=" " ind2="0">
    <subfield code="a">Muslim women.</subfield>
  </datafield>
  <datafield tag="955" ind1=" " ind2=" ">
    <subfield code="b">CU52823083</subfield>
    <subfield code="d">off,glx</subfield>
    <subfield code="e">HQ1170 .R57</subfield>
  </datafield>
</record>
</collection>